@article{DBLP:journals/corr/abs-1803-07835,
  author    = {Yao Feng and
               Fan Wu and
               Xiaohu Shao and
               Yanfeng Wang and
               Xi Zhou},
  title     = {Joint 3D Face Reconstruction and Dense Alignment with Position Map
               Regression Network},
  journal   = {CoRR},
  volume    = {abs/1803.07835},
  year      = {2018},
  url       = {http://arxiv.org/abs/1803.07835},
  eprinttype = {arXiv},
  eprint    = {1803.07835},
  timestamp = {Wed, 21 Nov 2018 12:27:44 +0100},
  biburl    = {https://dblp.org/rec/journals/corr/abs-1803-07835.bib},
  bibsource = {dblp computer science bibliography, https://dblp.org}
}

